<record><leader>00000cas a22000007a 4500</leader><controlfield tag="001">17941755</controlfield><controlfield tag="008">880512c19729999ohudn ne      0    0eng d</controlfield><datafield ind1=" " ind2=" " tag="010"><subfield code="a">sn 88077508 </subfield></datafield><datafield ind1=" " ind2=" " tag="040"><subfield code="a">ONP</subfield><subfield code="b">eng</subfield><subfield code="c">ONP</subfield><subfield code="d">OCLCQ</subfield></datafield><datafield ind1=" " ind2=" " tag="042"><subfield code="a">msc</subfield></datafield><datafield ind1="0" ind2=" " tag="130"><subfield code="a">Record herald (Washington Court House, Ohio)</subfield></datafield><datafield ind1="1" ind2="0" tag="245"><subfield code="a">Record herald.</subfield></datafield><datafield ind1=" " ind2=" " tag="260"><subfield code="a">Washington Court House, Ohio :</subfield><subfield code="b">Washington News Pub. Co.,</subfield><subfield code="c">1972-</subfield></datafield><datafield ind1=" " ind2=" " tag="300"><subfield code="a">v.</subfield></datafield><datafield ind1=" " ind2=" " tag="310"><subfield code="a">Daily (except Sun.)</subfield></datafield><datafield ind1="0" ind2=" " tag="362"><subfield code="a">Vol. 114, no. 285 (Nov. 13, 1972)-</subfield></datafield><datafield ind1=" " ind2="4" tag="651"><subfield code="a">Washington Court House (Ohio)</subfield><subfield code="v">Newspapers.</subfield></datafield><datafield ind1=" " ind2="4" tag="651"><subfield code="a">Fayette County (Ohio)</subfield><subfield code="v">Newspapers.</subfield></datafield><datafield ind1=" " ind2=" " tag="752"><subfield code="a">United States</subfield><subfield code="b">Ohio</subfield><subfield code="c">Fayette</subfield><subfield code="d">Washington Court House.</subfield></datafield><datafield ind1="0" ind2="0" tag="780"><subfield code="t">Washington C.H. record-herald</subfield><subfield code="w">(DLC)sn 88077507</subfield></datafield><datafield ind1="1" ind2=" " tag="029"><subfield code="a">AU@</subfield><subfield code="b">000020510391</subfield></datafield></record>